<?xml version="1.0" encoding="UTF-8"?>
<!DOCTYPE html PUBLIC "-//W3C//DTD XHTML 1.0 Transitional//EN"
    "http://www.w3.org/TR/xhtml1/DTD/xhtml1-transitional.dtd">
<html xmlns="http://www.w3.org/1999/xhtml" xml:lang="en" lang="en">
 <head>
  <title>
</title>
<meta http-equiv="Content-Type" content="text/html;charset=utf-8" />
  <meta name='ocr-system' content='tesseract 3.04.00' />
  <meta name='ocr-capabilities' content='ocr_page ocr_carea ocr_par ocr_line ocrx_word'/>
</head>
<body>
  <div class='ocr_page' id='page_1' title='image "./4774729_0011.png"; bbox 0 0 2485 2918; ppageno 0'>
   <div class='ocr_carea' id='block_1_1' title="bbox 748 133 822 142">
    <p class='ocr_par' dir='ltr' id='par_1_1' title="bbox 748 133 822 142">
     <span class='ocr_line' id='line_1_1' title="bbox 748 133 822 142; baseline 0 2776"><span class='ocrx_word' id='word_1_1' title='bbox 748 133 822 142; x_wconf 95' lang='lat' dir='ltr'> </span> 
     </span>
    </p>
   </div>
   <div class='ocr_carea' id='block_1_2' title="bbox 476 178 558 193">
    <p class='ocr_par' dir='ltr' id='par_1_2' title="bbox 476 178 558 193">
     <span class='ocr_line' id='line_1_2' title="bbox 476 178 558 193; baseline 0 2725"><span class='ocrx_word' id='word_1_2' title='bbox 476 178 558 193; x_wconf 95' lang='lat' dir='ltr'> </span> 
     </span>
    </p>
   </div>
   <div class='ocr_carea' id='block_1_3' title="bbox 688 233 1871 535">
    <p class='ocr_par' dir='ltr' id='par_1_3' title="bbox 599 167 1871 535">
     <span class='ocr_line' id='line_1_3' title="bbox 688 233 1871 535; baseline -0.002 -16.14"><span class='ocrx_word' id='word_1_3' title='bbox 688 233 1871 535; x_wconf 40' lang='lat' dir='ltr'>T„„„4.ttiff{it{3tei-m.</span> 
     </span>
    </p>
   </div>
   <div class='ocr_carea' id='block_1_4' title="bbox 1054 599 1440 617">
    <p class='ocr_par' dir='ltr' id='par_1_4' title="bbox 1054 599 1440 617">
     <span class='ocr_line' id='line_1_4' title="bbox 1054 599 1440 617; baseline 0.008 -7"><span class='ocrx_word' id='word_1_4' title='bbox 1054 599 1440 617; x_wconf 48' lang='grc' dir='ltr'>,ΛΜΝ</span> 
     </span>
    </p>
   </div>
   <div class='ocr_carea' id='block_1_5' title="bbox 0 659 397 2918">
    <p class='ocr_par' dir='ltr' id='par_1_5' title="bbox 0 659 397 2918">
     <span class='ocr_line' id='line_1_5' title="bbox 0 659 365 915; baseline 0 -125"><span class='ocrx_word' id='word_1_5' title='bbox 0 659 365 915; x_wconf 95' lang='lat' dir='ltr'>   </span> 
     </span>
     <span class='ocr_line' id='line_1_6' title="bbox 0 915 365 1146; baseline 0 -37"><span class='ocrx_word' id='word_1_6' title='bbox 0 915 365 1146; x_wconf 95' lang='lat' dir='ltr'>     </span> 
     </span>
     <span class='ocr_line' id='line_1_7' title="bbox 0 1146 187 1307; baseline 0 0"><span class='ocrx_word' id='word_1_7' title='bbox 0 1146 187 1307; x_wconf 95' lang='lat' dir='ltr'>   </span> 
     </span>
     <span class='ocr_line' id='line_1_8' title="bbox 0 1307 186 1461; baseline 0 0"><span class='ocrx_word' id='word_1_8' title='bbox 0 1307 186 1461; x_wconf 95' lang='lat' dir='ltr'>   </span> 
     </span>
     <span class='ocr_line' id='line_1_9' title="bbox 0 1461 186 1540; baseline 0 0"><span class='ocrx_word' id='word_1_9' title='bbox 0 1461 186 1540; x_wconf 95' lang='lat' dir='ltr'>  </span> 
     </span>
     <span class='ocr_line' id='line_1_10' title="bbox 0 1540 363 1665; baseline 0 0"><span class='ocrx_word' id='word_1_10' title='bbox 0 1540 363 1665; x_wconf 95' lang='lat' dir='ltr'>  </span> 
     </span>
     <span class='ocr_line' id='line_1_11' title="bbox 0 1665 185 1852; baseline 0 -32"><span class='ocrx_word' id='word_1_11' title='bbox 0 1665 185 1852; x_wconf 95' lang='lat' dir='ltr'>     </span> 
     </span>
     <span class='ocr_line' id='line_1_12' title="bbox 0 1852 185 1952; baseline 0 0"><span class='ocrx_word' id='word_1_12' title='bbox 0 1852 185 1952; x_wconf 95' lang='lat' dir='ltr'>  </span> 
     </span>
     <span class='ocr_line' id='line_1_13' title="bbox 0 1952 186 2209; baseline 0 -37"><span class='ocrx_word' id='word_1_13' title='bbox 0 1952 186 2209; x_wconf 95' lang='lat' dir='ltr'>     </span> 
     </span>
     <span class='ocr_line' id='line_1_14' title="bbox 0 2209 371 2377; baseline 0 0"><span class='ocrx_word' id='word_1_14' title='bbox 0 2209 371 2377; x_wconf 95' lang='lat' dir='ltr'>   </span> 
     </span>
     <span class='ocr_line' id='line_1_15' title="bbox 0 2377 397 2918; baseline 0 -437"><span class='ocrx_word' id='word_1_15' title='bbox 0 2377 397 2918; x_wconf 95' lang='lat' dir='ltr'>    </span> 
     </span>
    </p>
   </div>
   <div class='ocr_carea' id='block_1_6' title="bbox 123 707 2357 1824">
    <p class='ocr_par' dir='ltr' id='par_1_6' title="bbox 123 707 2308 966">
     <span class='ocr_line' id='line_1_16' title="bbox 365 707 2308 803; baseline -0.001 -10"><span class='ocrx_word' id='word_1_16' title='bbox 365 707 646 803; x_wconf 58' lang='lat' dir='ltr'>Thucydides,</span> <span class='ocrx_word' id='word_1_17' title='bbox 676 748 741 803; x_wconf 91' lang='lat' dir='ltr'>qui</span> <span class='ocrx_word' id='word_1_18' title='bbox 774 761 860 790; x_wconf 89' lang='lat' dir='ltr'>cum</span> <span class='ocrx_word' id='word_1_19' title='bbox 900 749 1020 801; x_wconf 88' lang='lat' dir='ltr'>aliis¹)</span> <span class='ocrx_word' id='word_1_20' title='bbox 1053 756 1129 791; x_wconf 89' lang='lat' dir='ltr'>tum</span> <span class='ocrx_word' id='word_1_21' title='bbox 1161 750 1232 791; x_wconf 92' lang='lat' dir='ltr'>hoc</span> <span class='ocrx_word' id='word_1_22' title='bbox 1263 750 1358 791; x_wconf 88' lang='lat' dir='ltr'>tertii</span> <span class='ocrx_word' id='word_1_23' title='bbox 1391 750 1473 790; x_wconf 79' lang='lat' dir='ltr'>libri</span> <span class='ocrx_word' id='word_1_24' title='bbox 1514 750 1595 790; x_wconf 91' lang='lat' dir='ltr'>loco</span> <span class='ocrx_word' id='word_1_25' title='bbox 1628 749 1728 788; x_wconf 89' lang='lat' dir='ltr'>haud</span> <span class='ocrx_word' id='word_1_26' title='bbox 1764 762 1893 802; x_wconf 85' lang='lat' dir='ltr'>pauca,</span> <span class='ocrx_word' id='word_1_27' title='bbox 1926 763 2020 803; x_wconf 89' lang='lat' dir='ltr'>quae</span> <span class='ocrx_word' id='word_1_28' title='bbox 2053 751 2099 791; x_wconf 85' lang='lat' dir='ltr'>ad</span> <span class='ocrx_word' id='word_1_29' title='bbox 2147 750 2308 800; x_wconf 70' lang='lat' dir='ltr'>Cleonis</span> 
     </span>
     <span class='ocr_line' id='line_1_17' title="bbox 123 812 2303 890; baseline 0.002 -21"><span class='ocrx_word' id='word_1_30' title='bbox 123 812 382 890; x_wconf 24' lang='lat' dir='ltr'>‘gf-ingenium</span> <span class='ocrx_word' id='word_1_31' title='bbox 413 820 615 880; x_wconf 78' lang='lat' dir='ltr'>moresque</span> <span class='ocrx_word' id='word_1_32' title='bbox 645 816 879 868; x_wconf 84' lang='lat' dir='ltr'>diiudicanda</span> <span class='ocrx_word' id='word_1_33' title='bbox 911 828 1134 884; x_wconf 85' lang='lat' dir='ltr'>pertineant,</span> <span class='ocrx_word' id='word_1_34' title='bbox 1165 828 1326 881; x_wconf 77' lang='lat' dir='ltr'>tradidit,</span> <span class='ocrx_word' id='word_1_35' title='bbox 1360 829 1433 869; x_wconf 91' lang='lat' dir='ltr'>acsi</span> <span class='ocrx_word' id='word_1_36' title='bbox 1465 829 1592 869; x_wconf 90' lang='lat' dir='ltr'>minus</span> <span class='ocrx_word' id='word_1_37' title='bbox 1624 841 1790 883; x_wconf 89' lang='lat' dir='ltr'>aequum</span> <span class='ocrx_word' id='word_1_38' title='bbox 1823 827 1949 869; x_wconf 82' lang='lat' dir='ltr'>tulerit</span> <span class='ocrx_word' id='word_1_39' title='bbox 1980 828 2173 883; x_wconf 88' lang='lat' dir='ltr'>iudicium,</span> <span class='ocrx_word' id='word_1_40' title='bbox 2198 829 2303 873; x_wconf 85' lang='lat' dir='ltr'>iden·</span> 
     </span>
     <span class='ocr_line' id='line_1_18' title="bbox 187 903 2101 966; baseline 0.001 -18"><span class='ocrx_word' id='word_1_41' title='bbox 187 903 306 966; x_wconf 71' lang='lat' dir='ltr'>tidem</span> <span class='ocrx_word' id='word_1_42' title='bbox 326 920 347 947; x_wconf 85' lang='lat' dir='ltr'>a</span> <span class='ocrx_word' id='word_1_43' title='bbox 377 907 471 946; x_wconf 85' lang='lat' dir='ltr'>viris</span> <span class='ocrx_word' id='word_1_44' title='bbox 501 907 621 946; x_wconf 91' lang='lat' dir='ltr'>doctis</span> <span class='ocrx_word' id='word_1_45' title='bbox 651 904 760 946; x_wconf 73' lang='lat' dir='ltr'>te&#39;stis</span> <span class='ocrx_word' id='word_1_46' title='bbox 791 907 918 947; x_wconf 88' lang='lat' dir='ltr'>minus</span> <span class='ocrx_word' id='word_1_47' title='bbox 941 907 1105 961; x_wconf 80' lang='lat' dir='ltr'><strong>locuples</strong></span> <span class='ocrx_word' id='word_1_48' title='bbox 1138 907 1293 947; x_wconf 82' lang='lat' dir='ltr'>habetur</span> <span class='ocrx_word' id='word_1_49' title='bbox 1324 907 1495 959; x_wconf 82' lang='lat' dir='ltr'>fidesque</span> <span class='ocrx_word' id='word_1_50' title='bbox 1528 907 1608 947; x_wconf 90' lang='lat' dir='ltr'>eius</span> <span class='ocrx_word' id='word_1_51' title='bbox 1641 906 1675 945; x_wconf 91' lang='lat' dir='ltr'>in</span> <span class='ocrx_word' id='word_1_52' title='bbox 1709 905 1862 945; x_wconf 87' lang='lat' dir='ltr'>dubium</span> <span class='ocrx_word' id='word_1_53' title='bbox 1894 908 2101 962; x_wconf 77' lang='lat' dir='ltr'>vocatur2).</span> 
     </span>
    </p>

    <p class='ocr_par' dir='ltr' id='par_1_7' title="bbox 126 965 2312 1591">
     <span class='ocr_line' id='line_1_19' title="bbox 293 965 2312 1040; baseline 0.001 -14"><span class='ocrx_word' id='word_1_54' title='bbox 293 965 296 968; x_wconf 84' lang='lat'><em>-</em></span> <span class='ocrx_word' id='word_1_55' title='bbox 365 984 445 1026; x_wconf 87' lang='lat' dir='ltr'>Etsi</span> <span class='ocrx_word' id='word_1_56' title='bbox 489 984 658 1036; x_wconf 84' lang='lat' dir='ltr'>Grotius,</span> <span class='ocrx_word' id='word_1_57' title='bbox 699 985 759 1025; x_wconf 88' lang='lat' dir='ltr'>vir</span> <span class='ocrx_word' id='word_1_58' title='bbox 800 985 1058 1037; x_wconf 88' lang='lat' dir='ltr'>doctissimus,</span> <span class='ocrx_word' id='word_1_59' title='bbox 1109 1000 1156 1026; x_wconf 90' lang='lat' dir='ltr'>ne</span> <span class='ocrx_word' id='word_1_60' title='bbox 1198 968 1289 1026; x_wconf 82' lang='lat' dir='ltr'>alios</span> <span class='ocrx_word' id='word_1_61' title='bbox 1332 986 1568 1040; x_wconf 78' lang='lat' dir='ltr'><strong>superiorum</strong></span> <span class='ocrx_word' id='word_1_62' title='bbox 1613 992 1821 1038; x_wconf 85' lang='lat' dir='ltr'>temporum</span> <span class='ocrx_word' id='word_1_63' title='bbox 1869 996 2179 1038; x_wconf 84' lang='lat' dir='ltr'>commemorem,</span> <span class='ocrx_word' id='word_1_64' title='bbox 2222 987 2312 1029; x_wconf 80' lang='lat' dir='ltr'>etsi-</span> 
     </span>
     <span class='ocr_line' id='line_1_20' title="bbox 187 1049 2303 1123; baseline 0.001 -19.916"><span class='ocrx_word' id='word_1_65' title='bbox 187 1059 395 1113; x_wconf 85' lang='lat' dir='ltr'>Onkenius,</span> <span class='ocrx_word' id='word_1_66' title='bbox 426 1064 490 1115; x_wconf 90' lang='lat' dir='ltr'>qui</span> <span class='ocrx_word' id='word_1_67' title='bbox 526 1064 727 1103; x_wconf 84' lang='lat' dir='ltr'>maximam</span> <span class='ocrx_word' id='word_1_68' title='bbox 760 1071 904 1117; x_wconf 89' lang='lat' dir='ltr'>partem</span> <span class='ocrx_word' id='word_1_69' title='bbox 938 1064 1106 1105; x_wconf 79' lang='lat' dir='ltr'>Grotium</span> <span class='ocrx_word' id='word_1_70' title='bbox 1138 1070 1287 1104; x_wconf 88' lang='lat' dir='ltr'>secutus</span> <span class='ocrx_word' id='word_1_71' title='bbox 1321 1070 1390 1113; x_wconf 84' lang='lat' dir='ltr'>est,</span> <span class='ocrx_word' id='word_1_72' title='bbox 1413 1064 1488 1103; x_wconf 89' lang='lat' dir='ltr'>iam</span> <span class='ocrx_word' id='word_1_73' title='bbox 1520 1062 1565 1102; x_wconf 85' lang='lat' dir='ltr'>ab</span> <span class='ocrx_word' id='word_1_74' title='bbox 1595 1061 1636 1102; x_wconf 88' lang='lat' dir='ltr'>E.</span> <span class='ocrx_word' id='word_1_75' title='bbox 1662 1062 1803 1111; x_wconf 78' lang='lat' dir='ltr'>Curtio,</span> <span class='ocrx_word' id='word_1_76' title='bbox 1832 1049 2039 1112; x_wconf 76' lang='lat' dir='ltr'>Classenio,</span> <span class='ocrx_word' id='word_1_77' title='bbox 2067 1062 2303 1123; x_wconf 70' lang='lat' dir='ltr'>Wallichsio,</span> 
     </span>
     <span class='ocr_line' id='line_1_21' title="bbox 159 1138 2302 1196; baseline 0.002 -15"><span class='ocrx_word' id='word_1_78' title='bbox 159 1139 269 1182; x_wconf 82' lang='lat' dir='ltr'>-aliis</span> <span class='ocrx_word' id='word_1_79' title='bbox 298 1140 387 1181; x_wconf 80' lang='lat' dir='ltr'>viris</span> <span class='ocrx_word' id='word_1_80' title='bbox 419 1138 646 1182; x_wconf 78' lang='lat' dir='ltr'>doctissimis</span> <span class='ocrx_word' id='word_1_81' title='bbox 678 1140 825 1182; x_wconf 76' lang='lat' dir='ltr'>refutati</span> <span class='ocrx_word' id='word_1_82' title='bbox 859 1156 944 1183; x_wconf 89' lang='lat' dir='ltr'>esse</span> <span class='ocrx_word' id='word_1_83' title='bbox 977 1140 1157 1192; x_wconf 83' lang='lat' dir='ltr'>videntur,</span> <span class='ocrx_word' id='word_1_84' title='bbox 1201 1148 1287 1182; x_wconf 90' lang='lat' dir='ltr'>sunt</span> <span class='ocrx_word' id='word_1_85' title='bbox 1328 1148 1464 1192; x_wconf 86' lang='lat' dir='ltr'>tamen,</span> <span class='ocrx_word' id='word_1_86' title='bbox 1497 1138 1636 1195; x_wconf 89' lang='lat' dir='ltr'>quibus</span> <span class='ocrx_word' id='word_1_87' title='bbox 1681 1153 1726 1179; x_wconf 88' lang='lat' dir='ltr'>ne</span> <span class='ocrx_word' id='word_1_88' title='bbox 1769 1139 1903 1181; x_wconf 86' lang='lat' dir='ltr'>horum</span> <span class='ocrx_word' id='word_1_89' title='bbox 1950 1140 2103 1196; x_wconf 89' lang='lat' dir='ltr'>quidem</span> <span class='ocrx_word' id='word_1_90' title='bbox 2135 1143 2302 1186; x_wconf 81' lang='lat' dir='ltr'>virorum</span> 
     </span>
     <span class='ocr_line' id='line_1_22' title="bbox 144 1217 2301 1277; baseline 0.001 -17"><span class='ocrx_word' id='word_1_91' title='bbox 144 1221 417 1274; x_wconf 66' lang='lat' dir='ltr'>„argumentis</span> <span class='ocrx_word' id='word_1_92' title='bbox 449 1219 718 1272; x_wconf 83' lang='lat' dir='ltr'>Thucydidem,</span> <span class='ocrx_word' id='word_1_93' title='bbox 740 1231 836 1270; x_wconf 84' lang='lat' dir='ltr'>quae</span> <span class='ocrx_word' id='word_1_94' title='bbox 868 1219 1079 1268; x_wconf 74' lang='lat' dir='ltr'>tradiderit,</span> <span class='ocrx_word' id='word_1_95' title='bbox 1121 1232 1206 1257; x_wconf 85' lang='lat' dir='ltr'>vere</span> <span class='ocrx_word' id='word_1_96' title='bbox 1250 1217 1448 1257; x_wconf 81' lang='lat' dir='ltr'>tradidisse</span> <span class='ocrx_word' id='word_1_97' title='bbox 1495 1228 1719 1272; x_wconf 85' lang='lat' dir='ltr'>persuasum</span> <span class='ocrx_word' id='word_1_98' title='bbox 1762 1217 1826 1268; x_wconf 92' lang='lat' dir='ltr'>sit,</span> <span class='ocrx_word' id='word_1_99' title='bbox 1850 1230 1948 1258; x_wconf 46' lang='lat' dir='ltr'>¹cum</span> <span class='ocrx_word' id='word_1_100' title='bbox 1992 1217 2158 1272; x_wconf 80' lang='lat' dir='ltr'>doleant,</span> <span class='ocrx_word' id='word_1_101' title='bbox 2195 1219 2301 1277; x_wconf 89' lang='lat' dir='ltr'>quod</span> 
     </span>
     <span class='ocr_line' id='line_1_23' title="bbox 184 1281 2302 1354; baseline 0.002 -16"><span class='ocrx_word' id='word_1_102' title='bbox 184 1296 280 1339; x_wconf 83' lang='lat' dir='ltr'>haec</span> <span class='ocrx_word' id='word_1_103' title='bbox 310 1311 393 1338; x_wconf 84' lang='lat' dir='ltr'>sors</span> <span class='ocrx_word' id='word_1_104' title='bbox 426 1298 553 1339; x_wconf 91' lang='lat' dir='ltr'>Cleoni</span> <span class='ocrx_word' id='word_1_105' title='bbox 586 1281 774 1350; x_wconf 80' lang='lat' dir='ltr'>ceciderit,</span> <span class='ocrx_word' id='word_1_106' title='bbox 807 1305 845 1339; x_wconf 87' lang='lat' dir='ltr'>ut</span> <span class='ocrx_word' id='word_1_107' title='bbox 877 1309 998 1350; x_wconf 87' lang='lat' dir='ltr'>neque</span> <span class='ocrx_word' id='word_1_108' title='bbox 1032 1297 1242 1353; x_wconf 84' lang='lat' dir='ltr'>quidquam</span> <span class='ocrx_word' id='word_1_109' title='bbox 1268 1297 1312 1337; x_wconf 89' lang='lat' dir='ltr'>ab</span> <span class='ocrx_word' id='word_1_110' title='bbox 1337 1297 1573 1352; x_wconf 83' lang='lat' dir='ltr'>antiquitatis</span> <span class='ocrx_word' id='word_1_111' title='bbox 1602 1296 1849 1352; x_wconf 83' lang='lat' dir='ltr'>scriptoribus</span> <span class='ocrx_word' id='word_1_112' title='bbox 1888 1298 2090 1340; x_wconf 87' lang='lat' dir='ltr'>memoriae</span> <span class='ocrx_word' id='word_1_113' title='bbox 2112 1298 2302 1354; x_wconf 89' lang='lat' dir='ltr'>proditum</span> 
     </span>
     <span class='ocr_line' id='line_1_24' title="bbox 127 1374 2304 1433; baseline 0 -15"><span class='ocrx_word' id='word_1_114' title='bbox 127 1374 130 1376; x_wconf 17' lang='lat' dir='ltr'>i</span> <span class='ocrx_word' id='word_1_115' title='bbox 186 1376 248 1428; x_wconf 85' lang='lat' dir='ltr'>sit,</span> <span class='ocrx_word' id='word_1_116' title='bbox 268 1388 344 1428; x_wconf 90' lang='lat' dir='ltr'>quo</span> <span class='ocrx_word' id='word_1_117' title='bbox 366 1390 477 1418; x_wconf 81' lang='lat' dir='ltr'>causa</span> <span class='ocrx_word' id='word_1_118' title='bbox 498 1377 582 1427; x_wconf 83' lang='lat' dir='ltr'>viri,</span> <span class='ocrx_word' id='word_1_119' title='bbox 603 1377 669 1431; x_wconf 94' lang='lat' dir='ltr'>qui</span> <span class='ocrx_word' id='word_1_120' title='bbox 692 1377 847 1430; x_wconf 87' lang='lat' dir='ltr'>longum</span> <span class='ocrx_word' id='word_1_121' title='bbox 867 1378 1049 1431; x_wconf 85' lang='lat' dir='ltr'>temporis</span> <span class='ocrx_word' id='word_1_122' title='bbox 1062 1377 1220 1431; x_wconf 84' lang='lat' dir='ltr'>spatium</span> <span class='ocrx_word' id='word_1_123' title='bbox 1244 1376 1530 1416; x_wconf 85' lang='lat' dir='ltr'>Atheniensium</span> <span class='ocrx_word' id='word_1_124' title='bbox 1545 1376 1772 1430; x_wconf 89' lang='lat' dir='ltr'>reipublicae</span> <span class='ocrx_word' id='word_1_125' title='bbox 1800 1376 2066 1430; x_wconf 86' lang='lat' dir='ltr'>gubernandae</span> <span class='ocrx_word' id='word_1_126' title='bbox 2090 1384 2304 1433; x_wconf 75' lang='lat' dir='ltr'>praeesset,</span> 
     </span>
     <span class='ocr_line' id='line_1_25' title="bbox 186 1453 2301 1511; baseline 0 -13"><span class='ocrx_word' id='word_1_127' title='bbox 186 1453 453 1498; x_wconf 75' lang='lat' dir='ltr'>defenderetur</span> <span class='ocrx_word' id='word_1_128' title='bbox 483 1464 521 1498; x_wconf 90' lang='lat' dir='ltr'>et</span> <span class='ocrx_word' id='word_1_129' title='bbox 550 1455 786 1510; x_wconf 76' lang='lat' dir='ltr'>Thucydides</span> <span class='ocrx_word' id='word_1_130' title='bbox 809 1463 917 1510; x_wconf 90' lang='lat' dir='ltr'>atque</span> <span class='ocrx_word' id='word_1_131' title='bbox 949 1455 1231 1511; x_wconf 84' lang='lat' dir='ltr'>Aristophanes,</span> <span class='ocrx_word' id='word_1_132' title='bbox 1263 1458 1327 1510; x_wconf 86' lang='lat' dir='ltr'>qui</span> <span class='ocrx_word' id='word_1_133' title='bbox 1361 1456 1512 1496; x_wconf 84' lang='lat' dir='ltr'>alterius</span> <span class='ocrx_word' id='word_1_134' title='bbox 1534 1456 1651 1511; x_wconf 89' lang='lat' dir='ltr'>partis</span> <span class='ocrx_word' id='word_1_135' title='bbox 1683 1470 1810 1496; x_wconf 87' lang='lat' dir='ltr'>amore</span> <span class='ocrx_word' id='word_1_136' title='bbox 1833 1456 1934 1496; x_wconf 90' lang='lat' dir='ltr'>ducti</span> <span class='ocrx_word' id='word_1_137' title='bbox 1958 1464 2068 1511; x_wconf 88' lang='lat' dir='ltr'>atque</span> <span class='ocrx_word' id='word_1_138' title='bbox 2106 1472 2126 1497; x_wconf 90' lang='lat' dir='ltr'>a</span> <span class='ocrx_word' id='word_1_139' title='bbox 2159 1459 2301 1499; x_wconf 82' lang='lat' dir='ltr'>Cleone</span> 
     </span>
     <span class='ocr_line' id='line_1_26' title="bbox 182 1533 841 1591; baseline 0.002 -16"><span class='ocrx_word' id='word_1_140' title='bbox 182 1533 277 1575; x_wconf 89' lang='lat' dir='ltr'>laesi</span> <span class='ocrx_word' id='word_1_141' title='bbox 300 1540 441 1586; x_wconf 90' lang='lat' dir='ltr'>essent,</span> <span class='ocrx_word' id='word_1_142' title='bbox 472 1534 607 1576; x_wconf 91' lang='lat' dir='ltr'>iudicia</span> <span class='ocrx_word' id='word_1_143' title='bbox 639 1533 841 1591; x_wconf 80' lang='lat' dir='ltr'>tulerint.³)</span> 
     </span>
    </p>

    <p class='ocr_par' dir='ltr' id='par_1_8' title="bbox 125 1609 2357 1831">
     <span class='ocr_line' id='line_1_27' title="bbox 363 1609 2304 1666; baseline 0.002 -13"><span class='ocrx_word' id='word_1_144' title='bbox 363 1614 444 1661; x_wconf 85' lang='lat' dir='ltr'>Qua</span> <span class='ocrx_word' id='word_1_145' title='bbox 476 1614 512 1653; x_wconf 91' lang='lat' dir='ltr'>in</span> <span class='ocrx_word' id='word_1_146' title='bbox 555 1628 597 1654; x_wconf 85' lang='lat' dir='ltr'>re</span> <span class='ocrx_word' id='word_1_147' title='bbox 638 1615 707 1653; x_wconf 91' lang='lat' dir='ltr'>etsi</span> <span class='ocrx_word' id='word_1_148' title='bbox 750 1628 770 1653; x_wconf 89' lang='lat' dir='ltr'>a</span> <span class='ocrx_word' id='word_1_149' title='bbox 811 1614 898 1653; x_wconf 86' lang='lat' dir='ltr'>viris</span> <span class='ocrx_word' id='word_1_150' title='bbox 932 1613 1051 1652; x_wconf 91' lang='lat' dir='ltr'>doctis</span> <span class='ocrx_word' id='word_1_151' title='bbox 1083 1612 1174 1651; x_wconf 88' lang='lat' dir='ltr'>alios</span> <span class='ocrx_word' id='word_1_152' title='bbox 1218 1612 1353 1661; x_wconf 86' lang='lat' dir='ltr'>fontes,</span> <span class='ocrx_word' id='word_1_153' title='bbox 1387 1611 1549 1652; x_wconf 85' lang='lat' dir='ltr'>sortasse</span> <span class='ocrx_word' id='word_1_154' title='bbox 1574 1611 1785 1664; x_wconf 86' lang='lat' dir='ltr'>uberiores,</span> <span class='ocrx_word' id='word_1_155' title='bbox 1817 1609 2023 1653; x_wconf 87' lang='lat' dir='ltr'>desiderari</span> <span class='ocrx_word' id='word_1_156' title='bbox 2045 1612 2143 1666; x_wconf 86' lang='lat' dir='ltr'>licet,</span> <span class='ocrx_word' id='word_1_157' title='bbox 2175 1622 2304 1656; x_wconf 78' lang='lat' dir='ltr'>tamen</span> 
     </span>
     <span class='ocr_line' id='line_1_28' title="bbox 125 1684 2357 1747; baseline 0.001 -14"><span class='ocrx_word' id='word_1_158' title='bbox 125 1684 130 1698; x_wconf 61' lang='lat'>³</span> <span class='ocrx_word' id='word_1_159' title='bbox 185 1693 328 1743; x_wconf 81' lang='lat' dir='ltr'>nescio,</span> <span class='ocrx_word' id='word_1_160' title='bbox 348 1699 424 1744; x_wconf 81' lang='lat' dir='ltr'>quo</span> <span class='ocrx_word' id='word_1_161' title='bbox 466 1698 587 1747; x_wconf 86' lang='lat' dir='ltr'>pacto,</span> <span class='ocrx_word' id='word_1_162' title='bbox 617 1692 754 1745; x_wconf 87' lang='lat' dir='ltr'>quibus</span> <span class='ocrx_word' id='word_1_163' title='bbox 786 1692 936 1743; x_wconf 89' lang='lat' dir='ltr'>utimur,</span> <span class='ocrx_word' id='word_1_164' title='bbox 967 1692 1003 1731; x_wconf 92' lang='lat' dir='ltr'>in</span> <span class='ocrx_word' id='word_1_165' title='bbox 1035 1691 1285 1746; x_wconf 89' lang='lat' dir='ltr'>suspicionem</span> <span class='ocrx_word' id='word_1_166' title='bbox 1314 1697 1509 1731; x_wconf 78' lang='lat' dir='ltr'>vocentur.</span> <span class='ocrx_word' id='word_1_167' title='bbox 1551 1692 1656 1733; x_wconf 90' lang='lat' dir='ltr'>Bene</span> <span class='ocrx_word' id='word_1_168' title='bbox 1688 1692 1787 1732; x_wconf 90' lang='lat' dir='ltr'>enim</span> <span class='ocrx_word' id='word_1_169' title='bbox 1822 1692 2061 1741; x_wconf 72' lang='lat' dir='ltr'>Thucydidis,</span> <span class='ocrx_word' id='word_1_170' title='bbox 2102 1693 2303 1736; x_wconf 83' lang='lat' dir='ltr'>clarissimi</span> <span class='ocrx_word' id='word_1_171' title='bbox 2356 1688 2357 1691; x_wconf 25' lang='lat'>¹</span> 
     </span>
     <span class='ocr_line' id='line_1_29' title="bbox 185 1767 2309 1824; baseline 0.001 -11.92"><span class='ocrx_word' id='word_1_172' title='bbox 185 1769 415 1823; x_wconf 65' lang='lat' dir='ltr'>antiquitatis</span> <span class='ocrx_word' id='word_1_173' title='bbox 446 1769 628 1822; x_wconf 85' lang='lat' dir='ltr'>historici,</span> <span class='ocrx_word' id='word_1_174' title='bbox 651 1770 799 1824; x_wconf 86' lang='lat' dir='ltr'>ingenio</span> <span class='ocrx_word' id='word_1_175' title='bbox 833 1768 1077 1822; x_wconf 88' lang='lat' dir='ltr'>moribusque</span> <span class='ocrx_word' id='word_1_176' title='bbox 1100 1768 1310 1824; x_wconf 83' lang='lat' dir='ltr'>perpensiS‚</span> <span class='ocrx_word' id='word_1_177' title='bbox 1332 1767 1439 1809; x_wconf 82' lang='lat' dir='ltr'>facile</span> <span class='ocrx_word' id='word_1_178' title='bbox 1462 1767 1507 1809; x_wconf 90' lang='lat' dir='ltr'>ab</span> <span class='ocrx_word' id='word_1_179' title='bbox 1532 1769 1615 1811; x_wconf 89' lang='lat' dir='ltr'>eius</span> <span class='ocrx_word' id='word_1_180' title='bbox 1637 1769 1761 1811; x_wconf 88' lang='lat' dir='ltr'>animo</span> <span class='ocrx_word' id='word_1_181' title='bbox 1783 1769 1945 1811; x_wconf 85' lang='lat' dir='ltr'>alienum</span> <span class='ocrx_word' id='word_1_182' title='bbox 1967 1770 2085 1812; x_wconf 84' lang='lat' dir='ltr'>fuisse</span> <span class='ocrx_word' id='word_1_183' title='bbox 2104 1774 2309 1815; x_wconf 69' lang='lat' dir='ltr'>veritatem</span> 
     </span>
    </p>
   </div>
   <div class='ocr_carea' id='block_1_7' title="bbox 131 1837 2485 2151">
    <p class='ocr_par' dir='ltr' id='par_1_9' title="bbox 131 1837 2485 2142">
     <span class='ocr_line' id='line_1_30' title="bbox 131 1837 2485 1907; baseline -0 -18"><span class='ocrx_word' id='word_1_184' title='bbox 131 1837 135 1853; x_wconf 24' lang='grc' dir='ltr'>ἶ</span> <span class='ocrx_word' id='word_1_185' title='bbox 183 1847 396 1889; x_wconf 76' lang='lat' dir='ltr'>deformare</span> <span class='ocrx_word' id='word_1_186' title='bbox 428 1854 491 1888; x_wconf 85' lang='lat' dir='ltr'>aut</span> <span class='ocrx_word' id='word_1_187' title='bbox 520 1848 574 1888; x_wconf 89' lang='lat' dir='ltr'>ira</span> <span class='ocrx_word' id='word_1_188' title='bbox 606 1847 805 1902; x_wconf 87' lang='lat' dir='ltr'>studioque</span> <span class='ocrx_word' id='word_1_189' title='bbox 838 1848 993 1887; x_wconf 90' lang='lat' dir='ltr'>ductum</span> <span class='ocrx_word' id='word_1_190' title='bbox 1024 1848 1191 1901; x_wconf 87' lang='lat' dir='ltr'>singulos</span> <span class='ocrx_word' id='word_1_191' title='bbox 1236 1849 1333 1886; x_wconf 81' lang='lat' dir='ltr'>vii-os</span> <span class='ocrx_word' id='word_1_192' title='bbox 1365 1847 1540 1886; x_wconf 80' lang='lat' dir='ltr'>insectati</span> <span class='ocrx_word' id='word_1_193' title='bbox 1576 1848 1845 1889; x_wconf 87' lang='lat' dir='ltr'>concedemus.</span> <span class='ocrx_word' id='word_1_194' title='bbox 1907 1848 2179 1907; x_wconf 79' lang='lat' dir='ltr'>Aristophanes</span> <span class='ocrx_word' id='word_1_195' title='bbox 2209 1863 2300 1903; x_wconf 79' lang='lat' dir='ltr'>vero</span> <span class='ocrx_word' id='word_1_196' title='bbox 2443 1858 2485 1877; x_wconf 64' lang='lat'><strong>&lt;</strong></span> 
     </span>
     <span class='ocr_line' id='line_1_31' title="bbox 185 1901 2485 1984; baseline -0 -16"><span class='ocrx_word' id='word_1_197' title='bbox 185 1939 260 1984; x_wconf 78' lang='lat' dir='ltr'>quo</span> <span class='ocrx_word' id='word_1_198' title='bbox 296 1926 377 1968; x_wconf 88' lang='lat' dir='ltr'>iure</span> <span class='ocrx_word' id='word_1_199' title='bbox 418 1938 608 1978; x_wconf 88' lang='lat' dir='ltr'>quamque</span> <span class='ocrx_word' id='word_1_200' title='bbox 649 1926 800 1967; x_wconf 78' lang='lat' dir='ltr'>Cleonis</span> <span class='ocrx_word' id='word_1_201' title='bbox 842 1927 1042 1979; x_wconf 87' lang='lat' dir='ltr'>imaginem</span> <span class='ocrx_word' id='word_1_202' title='bbox 1097 1926 1231 1966; x_wconf 86' lang='lat' dir='ltr'>fabulis</span> <span class='ocrx_word' id='word_1_203' title='bbox 1275 1925 1495 1978; x_wconf 84' lang='lat' dir='ltr'>depinxerit,</span> <span class='ocrx_word' id='word_1_204' title='bbox 1538 1925 1610 1965; x_wconf 88' lang='lat' dir='ltr'>alio</span> <span class='ocrx_word' id='word_1_205' title='bbox 1656 1926 1737 1966; x_wconf 91' lang='lat' dir='ltr'>loco</span> <span class='ocrx_word' id='word_1_206' title='bbox 1770 1927 1955 1967; x_wconf 88' lang='lat' dir='ltr'>dicemus</span> <span class='ocrx_word' id='word_1_207' title='bbox 2026 1927 2104 1967; x_wconf 68' lang='lat' dir='ltr'>Iam</span> <span class='ocrx_word' id='word_1_208' title='bbox 2135 1941 2224 1968; x_wconf 82' lang='lat' dir='ltr'>vero</span> <span class='ocrx_word' id='word_1_209' title='bbox 2254 1927 2303 1969; x_wconf 69' lang='lat' dir='ltr'>ad</span> <span class='ocrx_word' id='word_1_210' title='bbox 2420 1901 2485 1967; x_wconf 56' lang='grc' dir='ltr'>ἶ</span> 
     </span>
     <span class='ocr_line' id='line_1_32' title="bbox 184 1988 2331 2060; baseline 0 -14"><span class='ocrx_word' id='word_1_211' title='bbox 184 2002 442 2059; x_wconf 73' lang='lat' dir='ltr'>Thucydidem</span> <span class='ocrx_word' id='word_1_212' title='bbox 474 2015 632 2057; x_wconf 87' lang='lat' dir='ltr'>eamque</span> <span class='ocrx_word' id='word_1_213' title='bbox 655 2004 752 2046; x_wconf 88' lang='lat' dir='ltr'>tertii</span> <span class='ocrx_word' id='word_1_214' title='bbox 784 2003 867 2045; x_wconf 91' lang='lat' dir='ltr'>libri</span> <span class='ocrx_word' id='word_1_215' title='bbox 899 2011 1045 2060; x_wconf 88' lang='lat' dir='ltr'>partem</span> <span class='ocrx_word' id='word_1_216' title='bbox 1075 2011 1320 2055; x_wconf 87' lang='lat' dir='ltr'>revertamur,</span> <span class='ocrx_word' id='word_1_217' title='bbox 1341 2015 1453 2056; x_wconf 86' lang='lat' dir='ltr'>quam</span> <span class='ocrx_word' id='word_1_218' title='bbox 1487 2003 1787 2059; x_wconf 75' lang='lat' dir='ltr'>pertractandam</span> <span class='ocrx_word' id='word_1_219' title='bbox 1819 2011 1856 2046; x_wconf 88' lang='lat' dir='ltr'>et</span> <span class='ocrx_word' id='word_1_220' title='bbox 1889 1988 2165 2060; x_wconf 65' lang='lat' dir='ltr'>explanandam</span> <span class='ocrx_word' id='word_1_221' title='bbox 2190 1988 2331 2048; x_wconf 32' lang='lat' dir='ltr'>nobis·</span> 
     </span>
     <span class='ocr_line' id='line_1_33' title="bbox 183 2082 2485 2151; baseline 0.002 -28"><span class='ocrx_word' id='word_1_222' title='bbox 183 2083 466 2151; x_wconf 79' lang='lat' dir='ltr'>proposuimus,</span> <span class='ocrx_word' id='word_1_223' title='bbox 497 2083 534 2123; x_wconf 87' lang='lat' dir='ltr'>in</span> <span class='ocrx_word' id='word_1_224' title='bbox 576 2094 650 2136; x_wconf 85' lang='lat' dir='ltr'>qua</span> <span class='ocrx_word' id='word_1_225' title='bbox 691 2096 775 2123; x_wconf 90' lang='lat' dir='ltr'>cum</span> <span class='ocrx_word' id='word_1_226' title='bbox 817 2082 1126 2135; x_wconf 85' lang='lat' dir='ltr'>Mytilenaeorum</span> <span class='ocrx_word' id='word_1_227' title='bbox 1165 2096 1227 2123; x_wconf 91' lang='lat' dir='ltr'>res</span> <span class='ocrx_word' id='word_1_228' title='bbox 1268 2082 1513 2136; x_wconf 85' lang='lat' dir='ltr'>gravissimae</span> <span class='ocrx_word' id='word_1_229' title='bbox 1565 2089 1739 2139; x_wconf 87' lang='lat' dir='ltr'>aguntur,</span> <span class='ocrx_word' id='word_1_230' title='bbox 1781 2090 1859 2125; x_wconf 87' lang='lat' dir='ltr'>tum</span> <span class='ocrx_word' id='word_1_231' title='bbox 1896 2083 2046 2127; x_wconf 92' lang='lat' dir='ltr'>Cleonis</span> <span class='ocrx_word' id='word_1_232' title='bbox 2088 2084 2311 2140; x_wconf 76' lang='lat' dir='ltr'>consilium,</span> <span class='ocrx_word' id='word_1_233' title='bbox 2445 2115 2485 2134; x_wconf 71' lang='lat'>‚</span> 
     </span>
    </p>
   </div>
   <div class='ocr_carea' id='block_1_8' title="bbox 186 2157 2299 2297">
    <p class='ocr_par' dir='ltr' id='par_1_10' title="bbox 186 2157 2299 2297">
     <span class='ocr_line' id='line_1_34' title="bbox 186 2157 2299 2236; baseline 0.002 -33"><span class='ocrx_word' id='word_1_234' title='bbox 186 2161 385 2236; x_wconf 55' lang='lat' dir='ltr'>ingenium</span> <span class='ocrx_word' id='word_1_235' title='bbox 428 2157 639 2220; x_wconf 81' lang='lat' dir='ltr'>moresque</span> <span class='ocrx_word' id='word_1_236' title='bbox 687 2163 847 2204; x_wconf 86' lang='lat' dir='ltr'>maxime</span> <span class='ocrx_word' id='word_1_237' title='bbox 887 2163 925 2203; x_wconf 91' lang='lat' dir='ltr'>in</span> <span class='ocrx_word' id='word_1_238' title='bbox 967 2161 1184 2217; x_wconf 85' lang='lat' dir='ltr'>adspectum</span> <span class='ocrx_word' id='word_1_239' title='bbox 1227 2162 1429 2215; x_wconf 85' lang='lat' dir='ltr'>lucemque</span> <span class='ocrx_word' id='word_1_240' title='bbox 1473 2163 1729 2216; x_wconf 83' lang='lat' dir='ltr'>proferuntur.</span> <span class='ocrx_word' id='word_1_241' title='bbox 1803 2163 1909 2212; x_wconf 88' lang='lat' dir='ltr'>Quae</span> <span class='ocrx_word' id='word_1_242' title='bbox 1953 2178 2015 2204; x_wconf 90' lang='lat' dir='ltr'>res</span> <span class='ocrx_word' id='word_1_243' title='bbox 2054 2176 2130 2217; x_wconf 84' lang='lat' dir='ltr'>quo</span> <span class='ocrx_word' id='word_1_244' title='bbox 2161 2164 2299 2207; x_wconf 85' lang='lat' dir='ltr'>melius</span> 
     </span>
     <span class='ocr_line' id='line_1_35' title="bbox 186 2237 2089 2297; baseline 0.001 -14"><span class='ocrx_word' id='word_1_245' title='bbox 186 2237 425 2295; x_wconf 60' lang='lat' dir='ltr'>iia-uesano·</span> <span class='ocrx_word' id='word_1_246' title='bbox 455 2247 491 2282; x_wconf 86' lang='lat' dir='ltr'>et</span> <span class='ocrx_word' id='word_1_247' title='bbox 522 2240 782 2297; x_wconf 88' lang='lat' dir='ltr'>perspiciatur,</span> <span class='ocrx_word' id='word_1_248' title='bbox 815 2240 922 2296; x_wconf 89' lang='lat' dir='ltr'>paulo</span> <span class='ocrx_word' id='word_1_249' title='bbox 954 2240 1064 2282; x_wconf 89' lang='lat' dir='ltr'>altius</span> <span class='ocrx_word' id='word_1_250' title='bbox 1094 2239 1400 2295; x_wconf 84' lang='lat' dir='ltr'>Mytilenaeorum</span> <span class='ocrx_word' id='word_1_251' title='bbox 1431 2253 1493 2280; x_wconf 88' lang='lat' dir='ltr'>res</span> <span class='ocrx_word' id='word_1_252' title='bbox 1525 2247 1655 2295; x_wconf 85' lang='lat' dir='ltr'>gestae</span> <span class='ocrx_word' id='word_1_253' title='bbox 1685 2240 1873 2296; x_wconf 71' lang='lat' dir='ltr'>petendae</span> <span class='ocrx_word' id='word_1_254' title='bbox 1905 2242 2089 2287; x_wconf 85' lang='lat' dir='ltr'>videntur.</span> 
     </span>
    </p>
   </div>
   <div class='ocr_carea' id='block_1_9' title="bbox 1940 2244 2485 2918">
    <p class='ocr_par' dir='ltr' id='par_1_11' title="bbox 1940 2244 2485 2918">
     <span class='ocr_line' id='line_1_36' title="bbox 1940 2244 2485 2918; baseline 0 0"><span class='ocrx_word' id='word_1_255' title='bbox 1940 2244 2485 2918; x_wconf 95' lang='lat' dir='ltr'>    </span> 
     </span>
    </p>
   </div>
   <div class='ocr_carea' id='block_1_10' title="bbox 298 2345 2068 2516">
    <p class='ocr_par' dir='ltr' id='par_1_12' title="bbox 298 2345 2053 2516">
     <span class='ocr_line' id='line_1_37' title="bbox 371 2345 1065 2394; baseline 0 -10"><span class='ocrx_word' id='word_1_256' title='bbox 371 2347 403 2391; x_wconf 85' lang='lat'>¹)</span> <span class='ocrx_word' id='word_1_257' title='bbox 429 2347 491 2385; x_wconf 75' lang='lat' dir='ltr'>cfr.</span> <span class='ocrx_word' id='word_1_258' title='bbox 518 2348 628 2386; x_wconf 69' lang='lat' dir='ltr'>Tmo.</span> <span class='ocrx_word' id='word_1_259' title='bbox 655 2348 708 2394; x_wconf 91' lang='lat' dir='ltr'>lV,</span> <span class='ocrx_word' id='word_1_260' title='bbox 734 2345 891 2385; x_wconf 80' lang='lat'><strong>21-28.</strong></span> <span class='ocrx_word' id='word_1_261' title='bbox 943 2349 981 2394; x_wconf 88' lang='lat' dir='ltr'>V,</span> <span class='ocrx_word' id='word_1_262' title='bbox 1009 2345 1065 2384; x_wconf 83' lang='grc'>16.</span> 
     </span>
     <span class='ocr_line' id='line_1_38' title="bbox 360 2403 2068 2460; baseline 0.001 -17"><span class='ocrx_word' id='word_1_263' title='bbox 360 2406 393 2455; x_wconf 91' lang='lat'>²)</span> <span class='ocrx_word' id='word_1_264' title='bbox 419 2408 481 2444; x_wconf 81' lang='lat' dir='ltr'>cfr.</span> <span class='ocrx_word' id='word_1_265' title='bbox 506 2407 639 2451; x_wconf 84' lang='lat' dir='ltr'>Kteon,</span> <span class='ocrx_word' id='word_1_266' title='bbox 659 2408 806 2443; x_wconf 80' lang='lat' dir='ltr'>Versnch</span> <span class='ocrx_word' id='word_1_267' title='bbox 834 2407 930 2443; x_wconf 84' lang='lat' dir='ltr'>einer</span> <span class='ocrx_word' id='word_1_268' title='bbox 954 2408 1219 2452; x_wconf 72' lang='lat' dir='ltr'>Ehrenrettung3</span> <span class='ocrx_word' id='word_1_269' title='bbox 1244 2406 1338 2443; x_wconf 74' lang='lat' dir='ltr'>Prot.</span> <span class='ocrx_word' id='word_1_270' title='bbox 1364 2407 1421 2442; x_wconf 89' lang='lat' dir='ltr'>Dr.</span> <span class='ocrx_word' id='word_1_271' title='bbox 1449 2406 1486 2442; x_wconf 81' lang='lat' dir='ltr'>C.</span> <span class='ocrx_word' id='word_1_272' title='bbox 1513 2407 1602 2445; x_wconf 80' lang='lat' dir='ltr'>Ahn.</span> <span class='ocrx_word' id='word_1_273' title='bbox 1625 2407 1751 2455; x_wconf 87' lang='lat' dir='ltr'>Progr.</span> <span class='ocrx_word' id='word_1_274' title='bbox 1779 2406 1928 2460; x_wconf 74' lang='lat' dir='ltr'>Laibach</span> <span class='ocrx_word' id='word_1_275' title='bbox 1958 2403 2068 2447; x_wconf 78' lang='grc'><strong>1877</strong></span> 
     </span>
     <span class='ocr_line' id='line_1_39' title="bbox 298 2462 1579 2516; baseline 0.001 -15"><span class='ocrx_word' id='word_1_276' title='bbox 298 2507 308 2516; x_wconf 36' lang='lat'><em>1</em></span> <span class='ocrx_word' id='word_1_277' title='bbox 362 2463 399 2515; x_wconf 86' lang='lat'>⁸)</span> <span class='ocrx_word' id='word_1_278' title='bbox 429 2466 491 2503; x_wconf 77' lang='lat' dir='ltr'>cfr.</span> <span class='ocrx_word' id='word_1_279' title='bbox 520 2466 638 2512; x_wconf 75' lang='lat' dir='ltr'>erote,</span> <span class='ocrx_word' id='word_1_280' title='bbox 665 2466 1060 2504; x_wconf 75' lang='lat' dir='ltr'>Grieeh.Gesch.1·1bers.</span> <span class='ocrx_word' id='word_1_281' title='bbox 1086 2465 1263 2502; x_wconf 78' lang='lat' dir='ltr'>Meissuer.</span> <span class='ocrx_word' id='word_1_282' title='bbox 1287 2464 1327 2502; x_wconf 89' lang='lat' dir='ltr'>B.</span> <span class='ocrx_word' id='word_1_283' title='bbox 1354 2465 1411 2501; x_wconf 87' lang='lat' dir='ltr'>ut.</span> <span class='ocrx_word' id='word_1_284' title='bbox 1434 2465 1472 2501; x_wconf 87' lang='lat' dir='ltr'>S.</span> <span class='ocrx_word' id='word_1_285' title='bbox 1495 2462 1579 2503; x_wconf 83' lang='lat'><strong>509.</strong></span> 
     </span>
    </p>
   </div>
   <div class='ocr_carea' id='block_1_11' title="bbox 706 2862 790 2872">
    <p class='ocr_par' dir='ltr' id='par_1_13' title="bbox 706 2862 790 2872">
     <span class='ocr_line' id='line_1_40' title="bbox 706 2862 790 2872; baseline 0 46"><span class='ocrx_word' id='word_1_286' title='bbox 706 2862 790 2872; x_wconf 95' lang='lat' dir='ltr'> </span> 
     </span>
    </p>
   </div>
  </div>
 </body>
</html>
