2485 2918
148 498 233 541 ,γ’
272 474 312 520 in
331 485 460 520 rerum
490 447 708 520 discrimine
736 476 990 523 Athenienses
1021 486 1059 524 et
1078 480 1249 524 hostibus
1279 479 1459 522 resistere
1497 477 1732 534 diversisque
1773 476 1865 519 locis
1905 488 2026 519 naves
2064 447 2271 522 instructa}
2306 528 2317 533 N

165 540 191 550 Α
251 569 307 615 re
327 568 456 613 neque
485 554 695 618 quidquam
724 555 771 598 de
803 557 923 600 classe
946 558 1225 614 Mytilenaeensi
1247 558 1445 600 detrahere
1476 557 1703 612 paratissimi
1736 563 1854 597 eraut.
1874 578 1934 586 —-
1970 571 1977 576 ⁸

137 669 150 675 ,.
334 632 429 675 Cum
447 634 597 693 interim
618 650 638 675 a
659 634 889 690 Mytilenaeis
911 639 1047 690 omnia,
1067 651 1163 691 quae
1185 638 1282 679 bello
1306 638 1389 678 usui
1413 644 1531 685 erant,
1552 637 1590 676 in
1613 635 1733 676 insula
1755 641 1975 690 pararentur
1995 641 2106 690 atque
2126 634 2269 676 1103111

136 708 374 770 {Methymna
413 711 702 768 opprimeretur,
733 712 888 768 Paches,
921 715 1209 759 Atheniensium
1250 715 1324 758 dux
1365 716 1653 772 praefectusque
1687 713 1833 765 classis,
1861 713 2060 768 Mytilenen
2090 710 2294 771 obsidere*

158 790 294 846 eoepit,
324 803 427 846 quae
456 800 543 831 mox
574 791 673 832 omni
696 792 832 833 auxilio
855 792 1054 834 interclusa
1077 801 1148 835 est
1211 793 1309 835 Nam
1328 794 1479 836 Aloidas
1501 794 1652 835 ineunte
1679 797 1822 834 aestate
1850 790 2100 848 quadraginta
2120 787 2271 832 duabus

156 862 314 911 navibus
353 867 713 925 Peloponnesiorum
755 871 792 911 in
824 884 927 913 mare
958 872 1149 927 Aegaeum
1178 851 1323 915 missus
1355 880 1431 915 tam
1462 873 1637 929 imperite
1669 869 1918 923 incallideque
1960 869 2084 911 omnia
2115 868 2209 925 egit,
2228 874 2275 911 ut

139 944 366 1010 ⁷Mytilenaei
399 947 436 988 in
457 949 877 1005 summum.periculum
908 950 1057 991 adducti
1090 951 1264 993 Salaetho
1286 952 1584 993 Lacedaemonio
1616 958 1782 1002 auctore,
1813 950 1894 1005 qui,
1915 956 1956 989 ut
1975 948 2157 990 auxilium
2176 961 2272 990 nun·

157 1023 282 1078 tieret,
302 1025 442 1079 aliquot
462 1026 656 1068 mensibus
679 1034 764 1068 ante
785 1027 822 1068 in
845 1026 978 1069 urbem
1001 1036 1165 1081 venerat,
1187 1029 1225 1070 iu
1247 1030 1440 1086 eruptione
1463 1029 1622 1071 salutem
1655 1034 1837 1085 peterent.
1881 1026 1957 1069 Sed
1986 1040 2075 1069 cum
2095 1025 2273 1084 populus,

161 1090 229 1162 qui
248 1109 299 1170 81
318 1103 400 1159 ipse
431 1103 477 1145 ad
506 1118 588 1145 eam
619 1118 704 1146 rem
733 1105 998 1161 perficiendam
1030 1114 1195 1148 armatus
1227 1115 1341 1159 esset,
1373 1109 1449 1148 iam
1483 1106 1761 1161 magistratibus
1785 1105 1940 1147 obedire
1961 1105 2074 1146 nollet
2106 1104 2270 1147 [rumen-
2313 1143 2318 1147 ,

159 1187 330 1234 tumque,
360 1188 402 1223 111
430 1183 467 1223 in
508 1181 673 1224 medium
712 1183 945 1238 proferretur
981 1191 1092 1237 atque
1134 1184 1433 1237 distribueretur,
1476 1185 1684 1240 postularet
1711 1196 1830 1236 seque
1860 1198 1949 1225 cum
1978 1182 2274 1225 Atheniensibus
2471 1237 2473 1239 ι

159 1258 372 1320 pactionem
403 1258 587 1301 facturum
609 1261 816 1317 urbemque
838 1261 1056 1303 traditurum
1079 1263 1293 1315 minaretur,
1313 1263 1377 1314 illi,
1398 1264 1463 1315 qui
1484 1263 1538 1303 rei
1561 1262 1732 1318 publicae
1755 1268 1964 1317 praeerant,
1984 1267 2086 1302 tanto
2106 1259 2277 1316 periculo
2401 1306 2404 1307 ⁷
2458 1246 2485 1326 Ξ

162 1336 389 1378 consternati
410 1350 497 1379 cum
518 1337 678 1381 Pachete
708 1340 960 1397 paciscuntur,
992 1348 1033 1382 ut
1057 1340 1371 1394 Atheniensibus,
1403 1339 1733 1402 quemadmoQim
1774 1339 1923 1392 vellent,
1953 1338 2000 1380 de
2041 1338 2278 1395 Mytilenaeis

163 1425 328 1462 statuere
348 1419 479 1461 liceret
498 1426 610 1472 atque
632 1418 820 1460 exercitus
842 1420 879 1460 in
901 1418 1033 1461 urbem
1056 1420 1299 1475 reciperetur,
1322 1419 1545 1475 Mytilenaei,
1568 1424 1609 1461 ut
1628 1420 1796 1461 Athenas
1819 1418 2051 1474 legationem
2072 1418 2278 1471 mitterent,
2444 1413 2485 1477 ξ’·

130 1505 134 1509 “
162 1494 321 1554 Paches,
350 1510 398 1538 ne
418 1497 561 1539 interea
594 1495 823 1553 quemquam
846 1497 883 1538 in
914 1497 1056 1539 vincula
1078 1499 1267 1539 coniceret
1296 1504 1358 1539 aut
1379 1498 1416 1538 in
1449 1498 1669 1539 servitutem
1692 1497 1881 1560 redigeret
1901 1503 1964 1538 aut
1990 1495 2191 1539 occideret.

0 1558 51 1636 Ξ
342 1576 512 1632 Septimo
534 1576 687 1618 demum
720 1576 781 1618 die
803 1584 1008 1632 postquam
1041 1576 1214 1630 Mytilene
1240 1583 1344 1632 capta
1377 1584 1447 1628 est,
1478 1576 1629 1618 Aloidas
1661 1575 1707 1616 ad
1740 1575 1908 1617 Lesbum
1936 1576 2104 1618 classem
2123 1575 2284 1633 appulit,
2457 1571 2485 1614 ‘⁹3

0 1637 44 1716 ῨᾸΪΓ,
166 1666 188 1695 a
217 1665 293 1707 quo
324 1653 396 1696 etsi
417 1652 688 1718 postulabatur,
719 1661 760 1696 ut
780 1654 947 1697 civitates
970 1653 1134 1697 Graecas
1156 1654 1192 1695 iu
1217 1652 1371 1695 Aeolide
1393 1653 1578 1710 Ioniaque
1600 1653 1636 1694 in
1663 1652 1888 1705 libertatem,
1919 1667 2014 1710 quae
2044 1668 2066 1696 a
2092 1653 2280 1697 Lacedae·
2422 1642 2431 1648 ’
2449 1637 2485 1709 ᾗῑ

166 1731 304 1775 moniis
326 1737 503 1787 ageretur
533 1720 856 1789 spectaretur-que,
897 1732 1111 1786 vindicaret,
1139 1732 1227 1774 nihil
1269 1738 1392 1774 tamen
1434 1738 1654 1789 susceptum
1696 1738 1770 1775 est.
1851 1732 1995 1774 Paches
2024 1730 2127 1785 vero,
2157 1731 2283 1776 insuta

0 1819 88 1851 τ.
167 1809 295 1852 Lesbo
317 1810 425 1852 facile
446 1810 612 1869 subacta,
633 1812 943 1866 Mytilenaeorum
964 1813 1176 1869 optimates,
1205 1812 1268 1865 qui
1290 1811 1514 1852 desectionis
1536 1818 1710 1852 auctores
1737 1811 1969 1863 videbantur,
1991 1818 2030 1852 et
2061 1804 2282 1865 Salaethun

168 1887 522 1948 Lacedaemonium,
552 1897 606 1932 111
622 1889 887 1948 iudicarentur
916 1891 1083 1957 Athenas
1114 1890 1230 1932 misit.
1302 1885 1444 1930 Eorum
1486 1888 1647 1930 adventu
1688 1903 1799 1945 quam
1838 1889 2124 1932 Atheniensium
2165 1889 2282 1948 ,11111111

2 1969 77 2023 Q
167 1965 300 2009 irritati
323 1966 473 2024 fuerint,
495 1967 602 2010 l'acile
623 1968 787 2023 intellegi
811 1975 952 2024 potest;
975 1982 1063 2010 nam
1084 1968 1229 2023 magnis
1250 1968 1288 2009 in
1309 1966 1453 2008 insulae
1476 1966 1673 2009 obsidione
1715 1967 1886 2024 pecuniis
1916 1968 2166 2024 consumptis,
2193 1962 2294 2021 eunv

115 2102 120 2107 J
168 2048 258 2086 tnnc
289 2044 458 2101 primum
498 2027 658 2088 ducenta
694 2046 830 2088 talenta
872 2046 1097 2089 conferenda
1148 2044 1324 2100 essent¹),
1365 2044 1403 2085 in
1441 2044 1539 2086 mari
1580 2045 1732 2099 Aegaeo
1762 2043 2128 2104 Peloponnesiorum
2147 2045 2284 2102 6111313

2 2113 92 2157 ’ἐῖἑ
111 2107 312 2184 ι,ὶ-’ῗ18131111
333 2121 503 2176 auderet,
534 2124 626 2166 socii
667 2125 835 2166 Aeolidis
876 2125 1081 2181 Ioniaeque
1123 2129 1277 2165 metum·
1303 2121 1527 2163 defectionis
1561 2121 1797 2177 praeberent,
1838 2123 2002 2164 atrocior
2032 2123 2108 2165 iam
2148 2123 2289 2178 invidie

74 2246 77 2249 ,
99 2206 114 2261 ’-
171 2199 362 2253 animique
382 2199 541 2244 offensio
573 2209 653 2244 orta
686 2209 755 2244 est.
785 2203 924 2259 Neque
943 2203 1039 2245 inter
1058 2201 1308 2244 Athenienses
1331 2214 1418 2243 esse
1439 2198 1678 2253 videbantur,
1699 2200 1763 2258 qui
1784 2201 1926 2243 civium
1947 2201 2113 2245 irritatos
2134 2202 2284 2247 unimus
2305 2255 2308 2257 ,
2358 2252 2375 2261 ‘X
2395 2197 2483 2248 Γ,

67 2294 103 2318 :x
169 2276 321 2336 placare
340 2284 405 2320 aut
432 2286 590 2336 possent
637 2286 702 2322 aut
721 2280 870 2333 vellent,
890 2279 958 2322 sed
979 2279 1130 2336 plurimi
1151 2277 1449 2329 inveniebantur,
1469 2277 1535 2331 qui
1569 2278 1682 2319 animi
1713 2278 2061 2335 perturbationibus
2091 2279 2311 2340 &anper
2432 2330 2453 2337 Δ
2470 2334 2480 2345 ᾖ

68 2362 124 2419 ’,Χ
171 2363 301 2415 tarent
320 2356 581 2413 libidinesque
612 2365 811 2415 augerent.
843 2359 1010 2409 Quorum
1034 2357 1205 2400 omnium
1236 2356 1380 2414 primus
1411 2356 1554 2399 exstitit
1574 2356 1706 2410 Cleon,
1726 2357 1834 2400 cuius
1860 2357 2103 2415 Thucydides
2123 2373 2293 2441 primum
2322 2347 2326 2350 ⁵
2375 2352 2377 2354 .

136 2451 146 2474 ·.
174 2426 407 2481 mentionem
437 2436 620 2478 fecithoc
640 2437 740 2481 1888.
2441 2435 2449 2442 ”

354 2540 385 2592 ¹)
408 2543 472 2581 err.
501 2543 615 2581 Thue.
641 2542 688 2581 111.
713 2540 773 2581 19.
799 2563 839 2570 -
868 2543 930 2580 err.
957 2541 1110 2587 Boeckh,
1138 2540 1482 2589 Staatshaushaltung
1509 2541 1571 2580 der
1594 2542 1747 2580 Athener
1773 2543 1796 2582 1.
1823 2543 1860 2582 8.
1885 2540 1972 2583 618.
